<record><leader>00000cas a22000007a 4500</leader><controlfield tag="001">9228832</controlfield><controlfield tag="008">830216d18231824paucr n       0   a0eng d</controlfield><datafield ind1=" " ind2=" " tag="010"><subfield code="a">sn 87062185 </subfield></datafield><datafield ind1=" " ind2=" " tag="040"><subfield code="a">TKN</subfield><subfield code="b">eng</subfield><subfield code="c">TKN</subfield><subfield code="d">NPH</subfield><subfield code="d">DLC</subfield><subfield code="d">NPV</subfield><subfield code="d">WAU</subfield><subfield code="d">CNK</subfield><subfield code="d">OCL</subfield><subfield code="d">OCLCQ</subfield></datafield><datafield ind1=" " ind2=" " tag="042"><subfield code="a">msc</subfield></datafield><datafield ind1="0" ind2="0" tag="050"><subfield code="a">Newspaper</subfield></datafield><datafield ind1="0" ind2=" " tag="130"><subfield code="a">United States gazette for the country (Philadelphia, Pa. : 1823 : Semiweekly)</subfield></datafield><datafield ind1="1" ind2="4" tag="245"><subfield code="a">The United States gazette, for the country.</subfield></datafield><datafield ind1="1" ind2="3" tag="246"><subfield code="a">U.S. gazette</subfield></datafield><datafield ind1=" " ind2=" " tag="260"><subfield code="a">Philadelphia [Pa.] :</subfield><subfield code="b">J.G. Watts &amp; Co.,</subfield><subfield code="c">-1824.</subfield></datafield><datafield ind1=" " ind2=" " tag="300"><subfield code="a">v. ;</subfield><subfield code="c">53-59 cm.</subfield></datafield><datafield ind1=" " ind2=" " tag="310"><subfield code="a">Semiweekly</subfield></datafield><datafield ind1="0" ind2=" " tag="362"><subfield code="a">-v. 22, no. 2530 (Feb. 20, 1824).</subfield></datafield><datafield ind1="1" ind2=" " tag="362"><subfield code="a">Began in 1823.</subfield></datafield><datafield ind1=" " ind2=" " tag="530"><subfield code="a">Also issued on microfilm from Micro Photo Div., Bell &amp; Howard Co.</subfield></datafield><datafield ind1=" " ind2=" " tag="588"><subfield code="a">Description based on: Vol. 22, no. 2459 (May 13, 1823).</subfield></datafield><datafield ind1=" " ind2=" " tag="752"><subfield code="a">United States</subfield><subfield code="b">Pennsylvania</subfield><subfield code="c">Philadelphia</subfield><subfield code="d">Philadelphia.</subfield></datafield><datafield ind1="0" ind2=" " tag="775"><subfield code="t">United States gazette (Philadelphia, Pa. : 1823 : Daily)</subfield><subfield code="w">(DLC)sn 84026283</subfield></datafield><datafield ind1="0" ind2=" " tag="775"><subfield code="t">United States gazette (Philadelphia, Pa. : 1826 : Triweekly)</subfield><subfield code="w">(DLC)sn 87052053</subfield></datafield><datafield ind1="0" ind2="0" tag="780"><subfield code="t">Union, United States gazette, and true American for the country</subfield><subfield code="w">(DLC)sn 83025943</subfield></datafield><datafield ind1="0" ind2="0" tag="785"><subfield code="t">United States gazette (Philadelphia, Pa. : 1824)</subfield><subfield code="w">(DLC)sn 84026281</subfield></datafield><datafield ind1="1" ind2=" " tag="029"><subfield code="a">AU@</subfield><subfield code="b">000020511440</subfield></datafield></record>